@article{ieee80211_2016,
    author= "",
    journal = "IEEE Std 802.11-2016 (Revision of IEEE Std 802.11-2012)",
    title = "IEEE Standard for Information technology—Telecommunications and information exchange between systems Local and metropolitan area networks—Specific requirements - Part 11: Wireless LAN Medium Access Control (MAC) and Physical Layer (PHY) Specifications",
    year = "2016",
    pages={1589-1596},
    doi = {10.1109/IEEESTD.2016.7786995},
    url = {https://ieeexplore.ieee.org/document/7786995}
}

@online{esp8266_overview,
    author = "Espressif Systems",
    title = "Espressif ESP8266EX Official Page",
    url  = "https://www.espressif.com/en/products/hardware/esp8266ex/overview",
    addendum = "(accessed: 07.09.2019)",
    keywords = "esp8266,esp8266ex,espressif"
}

@online{esp8266_datasheet,
    author = "Espressif Systems",
    title = "Espressif ESP8266EX Datasheet",
    url  = "https://www.espressif.com/sites/default/files/documentation/0a-esp8266ex_datasheet_en.pdf",
    addendum = "(accessed: 07.09.2019)",
    keywords = "esp8266,esp8266ex,espressif,datasheet"
}

@online{espwroom02_overview,
    author = "Espressif Systems",
    title = "Espressif ESP-WROOM-02 Overview",
    url  = "https://www.espressif.com/en/products/hardware/esp-wroom-02/overview",
    addendum = "(accessed: 07.09.2019)",
    keywords = "esp8266,esp8266ex,espressif,esp-wroom-02"
}

@online{espwroom02_datasheet,
    author = "Espressif Systems",
    title = "Espressif ESP-WROOM-02 Datasheet",
    url  = "https://www.espressif.com/sites/default/files/documentation/0c-esp-wroom-02_datasheet_en.pdf",
    addendum = "(accessed: 07.09.2019)",
    keywords = "esp8266,esp8266ex,espressif,esp-wroom-02,datasheet"
}

@online{espwrooms2_datasheet,
    author = "Espressif Systems",
    title = "Espressif ESP-WROOM-S2 Datasheet",
    url  = "https://www.espressif.com/sites/default/files/documentation/esp-wroom-s2_datasheet_en.pdf",
    addendum = "(accessed: 07.09.2019)",
    keywords = "esp8266,esp8266ex,espressif,esp-wroom-s2,datasheet"
}

@online{espwroom02d_02u,
    author = "Espressif Systems",
    title = "Espressif ESP-WROOM-02D/02U",
    url  = "https://www.espressif.com/sites/default/files/documentation/esp-wroom-02d_esp-wroom-02u_datasheet_en.pdf",
    addendum = "(accessed: 07.09.2019)",
    keywords = "esp8266,esp8266ex,espressif,esp-wroom-02d.esp-wroom-02u,datasheet"
}

@online{adafruit_feather_huzzah,
    author = "Adafruit Industries",
    title = "Adafruit Feather HUZZAH ESP8266",
    url  = "https://learn.adafruit.com/adafruit-feather-huzzah-esp8266/downloads#schematic-8-4",
    addendum = "(accessed: 08.09.2019)",
    keywords = "esp8266,esp-12,adafruit,devkit"
}

@online{wemos_d1_mini_pro,
    author = "WEMOS",
    title = "WEMOS D1 mini Pro",
    url  = "https://wiki.wemos.cc/products:retired:d1_mini_pro_v1.1.0",
    addendum = "(accessed: 08.09.2019)",
    keywords = "esp8266,esp8266ex,wemos,devkit"
}

@online{nodemcu_official_page,
    author = "NodeMcu Team",
    title = "NodeMcu Official Page",
    url  = "https://www.nodemcu.com/index_en.html",
    addendum = "(accessed: 11.09.2019)",
    keywords = "esp8266,nodemcu,devkit,lua"
}

@online{nodemcu_devkit_repository,
    author = "NodeMcu Team",
    title = "NodeMcu Development Kit Repository",
    url  = "https://github.com/nodemcu/nodemcu-devkit",
    addendum = "(accessed: 11.09.2019)",
    keywords = "esp8266,nodemcu,devkit,lua"
}
https://www.sparkfun.com/products/13231
@online{sparkfun_thing_official_page,
    author = "SparkFun",
    title = "SparkFun ESP8266 Thing Official Page",
    url  = "https://www.sparkfun.com/products/13711",
    addendum = "(accessed: 11.09.2019)",
    keywords = "esp8266,sparkfun,thing,devkit,"
}
